<?xml version="1.0" encoding="UTF-8"?><collection><record><leader>05970ntm a2200553 a 4500</leader><controlfield tag="001">006837638</controlfield><controlfield tag="003">MiAaHDL</controlfield><controlfield tag="005">20190719000000.0</controlfield><controlfield tag="006">m        d        </controlfield><controlfield tag="007">cr bn ---auaua</controlfield><controlfield tag="008">090710s1702    xx       d    00| ||per d</controlfield><datafield tag="035" ind1=" " ind2=" "><subfield code="a">(MiU)006837638</subfield></datafield><datafield tag="035" ind1=" " ind2=" "><subfield code="a">sdr-miu006837638</subfield></datafield><datafield tag="040" ind1=" " ind2=" "><subfield code="a">MiU</subfield><subfield code="c">MiU</subfield><subfield code="e">amremm</subfield></datafield><datafield tag="043" ind1=" " ind2=" "><subfield code="a">n-us-mi</subfield></datafield><datafield tag="100" ind1="0" ind2=" "><subfield code="6">880-01</subfield><subfield code="a">Abū al-Khayr ibn Saʻd al-Anṣārī,</subfield><subfield code="d">fl. 1583.</subfield></datafield><datafield tag="245" ind1="1" ind2="0"><subfield code="6">880-03</subfield><subfield code="a">Fatḥnāmah fī ʻilm al-lughah,</subfield><subfield code="f">[1113?, i.e. 1702?].</subfield></datafield><datafield tag="246" ind1="3" ind2=" "><subfield code="a">Fatḥʹnāmah fī ʻilm al-lughah</subfield></datafield><datafield tag="246" ind1="3" ind2=" "><subfield code="i">Title from colophon on p.653:</subfield><subfield code="a">فتحنامه فى علم اللغة</subfield></datafield><datafield tag="246" ind1="3" ind2=" "><subfield code="i">Title from opening matter (p.16):</subfield><subfield code="a">فتح الكتاب</subfield></datafield><datafield tag="260" ind1=" " ind2=" "><subfield code="c">[1702?].</subfield></datafield><datafield tag="300" ind1=" " ind2=" "><subfield code="a">320 leaves :</subfield><subfield code="b">paper ;</subfield><subfield code="c">295 x 190 (225 x 115) mm. bound to 302 x 195 mm.</subfield></datafield><datafield tag="500" ind1=" " ind2=" "><subfield code="a">Shelfmark: Ann Arbor, University of Michigan, Special Collections Library, Isl. Ms. 887</subfield></datafield><datafield tag="500" ind1=" " ind2=" "><subfield code="a">Origin: As appears in colophon on p.653 (partially obscured), transcription completed 6 Shawwāl 1113 [?] [ca. 6 March 1702 ?]. As appears in opening matter on p.16, composition apparently dated to 991 [1583].</subfield></datafield><datafield tag="500" ind1=" " ind2=" "><subfield code="a">Accompanying materials: a. Scrap with inscription in black ink "Fatḥ-nāma fī ʻilm al-Lughat | Not found in any cat of mss. or in any list of dicts." (paginated pp.1-2) -- b. Recycled card with notes in hand of Emilie Savage-Smith [?] "grammar/dictionary | one lang. is Persian" (paginated pp.3-4) -- c. Slip with note "counted for 1968/69 Annual Report" (paginated pp.5-6) -- d. Slip with note "Persian Manuscripts (Heyworth-Dunne?) No Husselman or Meredith-Owens notes" (paginated pp.7-8).</subfield></datafield><datafield tag="500" ind1=" " ind2=" "><subfield code="a">Former shelfmark: Mich. Isl. Ms. temp. no. 36</subfield></datafield><datafield tag="500" ind1=" " ind2=" "><subfield code="a">Binding: Boards covered in shell 'marbled' paper (mainly in blue and orange) with dark blue cloth over spine and board corners (nearly half binding) ; Type III binding (without flap), though with rounded spine and not flush with text block ; pastedowns and flyleaves in untinted wove paper ; sewn over five recessed cords ; overall in fair condition with some lifting of paper and cloth, deformation of boards, etc.</subfield></datafield><datafield tag="500" ind1=" " ind2=" "><subfield code="a">Support: non-European (likely Indian or Persian) laid paper with 7-8 laid lines per cm. (vertical or horizontal, somewhat indistinct, some curving) and chain lines occasionally faintly visible (see p.24, etc.), quite cloudy formation, thin and transluscent though sturdy, well-burnished, beige to light brown in color.</subfield></datafield><datafield tag="500" ind1=" " ind2=" "><subfield code="a">Decoration: Keywords and section headings rubricated.</subfield></datafield><datafield tag="500" ind1=" " ind2=" "><subfield code="a">Script: Nastaʻlīq ; clear, compact hand in a medium line ; serifless with effect of words descending to baseline and inclining to the right, pointing for three dots often in strokes, many closed counters, some elongation of horizontal strokes, bar (shaqq) of kāf typically sweeping dramatically, partially vocalized.</subfield></datafield><datafield tag="500" ind1=" " ind2=" "><subfield code="a">Layout: Written in 25 lines per page ; frame-ruled.</subfield></datafield><datafield tag="500" ind1=" " ind2=" "><subfield code="a">Collation: iii, 38 IV (304), V (314), IV-2 (320), iii (per mid-quire marks) ; almost exclusively quaternions ; lacuna on p.207 marked with "بيض" ; middle of the quire marks in the form of black oblique strokes in the upper-outer corner of the right-hand leaf and the lower-outer corner of the left-hand leaf ; catchwords present ; foliation in red ink, Hindu-Arabic numerals, centered above the written area on the recto of each leaf (apart from that carrying the incipit page) ; pagination in pencil, Western numerals, supplied during digitization (includes inserts and flyleaves).</subfield></datafield><datafield tag="500" ind1=" " ind2=" "><subfield code="a">Colophon: "Scribal," "سنه ۱۱۱۳ هجرى قد فرغت عن كتابة هذه النسخة المسماة بالفتحنامه فى علم اللغة فى يوم السادس من شهر الشوال ... الحمد لله الحمد لله على توفيقه ..."</subfield></datafield><datafield tag="500" ind1=" " ind2=" "><subfield code="a">Incipit: "الحمد لله الذى علم القرآن خلق الانسان علمه البيان وجعل علم اللغات مفاتيح الاذهان ومصابيح الاكنان ... قال الفقير العاصى ابو الخير بن سعد الانصارى تلميذونى من تلاميذ عالم العلم عارف ربانى الياس بن اسرائيل الحسينى ... فافتحتت [فافتحت ؟] كتابا يكون مجموعا بلغات العربى والعجمى فى عمل فتخان ... ضمته [؟] فيه بتوفيق الله عالم الغيب والشهادة فى الحادى تسعين وتسعمائة وجمعته على عدد الحروف بالابواب واوردت فصلين كل باب وسميته فتح الكتاب وحليت ووسمت كل لغة عربية مداولة وفسرت العجمى بالعربى كما فسرت بالعجمى ..."</subfield></datafield><datafield tag="500" ind1=" " ind2=" "><subfield code="a">Title from inscription 'title page' (p.15).</subfield></datafield><datafield tag="500" ind1=" " ind2=" "><subfield code="a">Ms. codex.</subfield></datafield><datafield tag="520" ind1="8" ind2=" "><subfield code="a">Careful copy of an Arabic-Persian dictionary by Abū al-Khayr ibn Saʻd al-Anṣārī (fl. 1583).</subfield></datafield><datafield tag="538" ind1=" " ind2=" "><subfield code="a">Mode of access: Internet.</subfield></datafield><datafield tag="541" ind1=" " ind2=" "><subfield code="c">Gift ;</subfield><subfield code="a">Acquired from Frank E. Nuttall (1875-1943).</subfield></datafield><datafield tag="546" ind1=" " ind2=" "><subfield code="a">Persian and Arabic.</subfield></datafield><datafield tag="561" ind1=" " ind2=" "><subfield code="a">Possible former inventory marks in pencil "MS / 1908" and "15/0" on front flyleaf (p.9) ; wove paper flyleaves stamped with inventory numerals "A 357-2990-9293-8409-279" in black ink (possibly for the paper) on flyleaves (p.10, 12, 656, 659) ; marginal corrections.</subfield></datafield><datafield tag="650" ind1=" " ind2="0"><subfield code="a">Manuscripts, Arabic</subfield><subfield code="z">Michigan</subfield><subfield code="z">Ann Arbor.</subfield></datafield><datafield tag="650" ind1=" " ind2="0"><subfield code="a">Manuscripts, Persian</subfield><subfield code="z">Michigan</subfield><subfield code="z">Ann Arbor.</subfield></datafield><datafield tag="650" ind1=" " ind2="0"><subfield code="a">Arabic language</subfield><subfield code="v">Dictionaries</subfield><subfield code="x">Persian.</subfield></datafield><datafield tag="650" ind1=" " ind2="0"><subfield code="a">Persian language</subfield><subfield code="v">Dictionaries</subfield><subfield code="x">Arabic.</subfield></datafield><datafield tag="700" ind1="1" ind2=" "><subfield code="a">Nuttall, Frank E.,</subfield><subfield code="d">1875-1943,</subfield><subfield code="e">former owner.</subfield></datafield><datafield tag="773" ind1="0" ind2=" "><subfield code="a">F. E. Nuttall Collection.</subfield></datafield><datafield tag="880" ind1="1" ind2="0"><subfield code="6">245-03/</subfield><subfield code="a">فتحنامه في علم اللغة,</subfield><subfield code="f">[1113ه؟, 1702م؟].</subfield></datafield><datafield tag="880" ind1="0" ind2=" "><subfield code="6">100-01/</subfield><subfield code="a">ابو الخير بن سعد الانصارى.</subfield></datafield><datafield tag="CID" ind1=" " ind2=" "><subfield code="a">006837638</subfield></datafield><datafield tag="DAT" ind1="0" ind2=" "><subfield code="a">20190719102642.0</subfield><subfield code="b">20190719000000.0</subfield></datafield><datafield tag="DAT" ind1="1" ind2=" "><subfield code="a">20190719090653.0</subfield><subfield code="b">2019-07-19T16:12:29Z</subfield></datafield><datafield tag="DAT" ind1="2" ind2=" "><subfield code="a">2015-10-02T18:00:03Z</subfield></datafield><datafield tag="CAT" ind1=" " ind2=" "><subfield code="a">SDR-MIU</subfield><subfield code="d">EX LIBRIS - ALEPH</subfield><subfield code="l">prepare.pl-004-008</subfield></datafield><datafield tag="FMT" ind1=" " ind2=" "><subfield code="a">BK</subfield></datafield><datafield tag="HOL" ind1=" " ind2=" "><subfield code="0">sdr-miu006837638</subfield><subfield code="a">MiU</subfield><subfield code="b">SDR</subfield><subfield code="c">MIU</subfield><subfield code="p">mdp.39015079132646</subfield><subfield code="s">MIU</subfield><subfield code="1">006837638</subfield></datafield><datafield tag="974" ind1=" " ind2=" "><subfield code="b">MIU</subfield><subfield code="c">MIU</subfield><subfield code="d">20190719</subfield><subfield code="s">lit-dlps-dc</subfield><subfield code="u">mdp.39015079132646</subfield><subfield code="y">1702</subfield><subfield code="r">pd</subfield><subfield code="q">bib</subfield><subfield code="t">non-US bib date1 &lt; 1879</subfield></datafield></record></collection>